@misc{Clojure:2013:Site,
  author = "Hickey, Rich",
  title  = "Clojure",
  url    = "http://clojure.org/",
  year   = 2008,
  note   = "Accessed 17 April 2013",
},
@misc{ClojureScript:2013:Site,
  author = "Hickey, Rich",
  title  = "ClojureScript",
  url    = "https://github.com/clojure/clojurescript",
  year   = 2011,
  note   = "Accessed 17 April 2013",
},
@misc{Outlet:2013:Site,
  author = "Long, James",
  title  = "Outlet",
  url    = "https://github.com/jlongster",
  year   = 2012,
  note   = "Accessed 17 April 2013",
},
@misc{LiScript:2013:Site,
  title  = "LiScript",
  url    = "https://github.com/viclib/LiScript",
  year   = 2013,
  note   = "Accessed 17 April 2013",
},
@misc{RecursiveDescentParserJS:2013:Site,
  author = "Andreev, Oleg",
  title  = "Recursive descent parser in JavaScript",
  url    = "http://blog.oleganza.com/post/106246432/recursive-descent-parser-in-javascript",
  year   = 2013,
  note   = "Accessed 17 April 2013",
},
@misc{ClojureJS:2011:Site,
  author = "Krishnan, Ram",
  title  = "A naive Clojure to JavaScript translator",
  url    = "https://github.com/kriyative/clojurejs",
  year   = 2011,
  note   = "Accessed 17 April 2013",
}
@misc{clojure.test:2011:Site,
  author = "Sierra, Stuart",
  title  = "A unit testing framework - API for clojure.test.",
  url    = "http://richhickey.github.io/clojure/clojure.test-api.html",
  year   = 2011,
  note   = "Accessed 17 April 2013",
}


