@Article{refLabel,
author = {Surname, A.},
journal = {Journal name},
number = {12},
pages = {1--22},
title = {Title},
volume = {2},
year = {2012} 
},
@BOOKLET{Doe:2009:Booklet,
title = {This is a test entry of type {@BOOKLET}},
author = {Doe, John},
month = jun,
year = {2009},
url = {http://www.test.org/doe/}
}
